@inproceedings{fenz2009,
	title={Ontology-based generation of bayesian networks},
	author={Fenz, Stefan and Tjoa, A Min and Hudec, Marcus},
	booktitle={Complex, Intelligent and Software Intensive Systems, 2009. CISIS'09. International Conference on},
	pages={712--717},
	year={2009},
	organization={IEEE}
},

@book{dss,
	author = {Turban, Efraim and Aronson, Jay E.},
	title = {Decision Support Systems and Intelligent Systems},
	year = {2000},
	isbn = {0130894656},
	edition = {6th},
	publisher = {Prentice Hall PTR},
	address = {Upper Saddle River, NJ, USA},
} 

@article{aniba2008knowledge,
	title={Knowledge-based expert systems and a proof-of-concept case study for multiple sequence alignment construction and analysis},
	author={Aniba, Mohamed Radhouene and Siguenza, Sophie and Friedrich, Anne and Plewniak, Fr{\'e}d{\'e}ric and Poch, Olivier and Marchler-Bauer, Aron and Thompson, Julie Dawn},
	journal={Briefings in bioinformatics},
	volume={10},
	number={1},
	pages={11--23},
	year={2008},
	publisher={Oxford University Press}
}


@article{fenz2012,
	title={An ontology-based approach for constructing Bayesian networks},
	author={Fenz, Stefan},
	journal={Data \& Knowledge Engineering},
	volume={73},
	pages={73--88},
	year={2012},
	publisher={Elsevier}
}

@article{stojadinovic2013clinical,
	title={Clinical decision support and individualized prediction of survival in colon cancer: Bayesian belief network model},
	author={Stojadinovic, Alexander and Bilchik, Anton and Smith, David and Eberhardt, John S and Ward, Elizabeth Ben and Nissan, Aviram and Johnson, Eric K and Protic, Mladjan and Peoples, George E and Avital, Itzhak and others},
	journal={Annals of surgical oncology},
	volume={20},
	number={1},
	pages={161--174},
	year={2013},
	publisher={Springer}
}

@inproceedings{liu2014knowledge,
	title={Knowledge based decision support systems: A survey on technologies and application domains},
	author={Liu, Shaofeng and Zarat{\'e}, Pascale},
	booktitle={Joint International Conference on Group Decision and Negotiation},
	pages={62--72},
	year={2014},
	organization={Springer}
}


@inproceedings{helsper2002,
	title={Building Bayesian networks through ontologies},
	author={Helsper, Eveline M and Gaag, Linda C},
	booktitle={Proceedings of the 15th European Conference on Artificial Intelligence},
	pages={680--684},
	year={2002},
	organization={IOS Press}
}


@misc{w3c_owl,
	author = {World Wide Web Consortium (W3C)},
	title = {{Web} {Ontology} {Language} {(OWL)}},
	URL = "https://www.w3.org/OWL/"	
}

@misc{semanticweb,
	author = {World Wide Web Consortium (W3C)},
	title = {{Semantic} {Web}},
	URL = "https://www.w3.org/standards/semanticweb/"
}


@misc{knowledgegraph,
	author = "Google",
	title = {{Knowledge} {Graph}},
	URL = "https://www.google.it/intl/it/insidesearch/features/search/knowledge.html"
}

@misc{rdf,
	author = {World Wide Web Consortium (W3C)},
	title = {{Resource} {Description} {Framework} {(RDF)}},
	URL = "https://www.w3.org/RDF/"	
}

@article{kalet2017,
	title={Developing Bayesian networks from a dependency-layered ontology: a proof-of-concept in radiation oncology},
	author={Kalet, Alan M and Doctor, Jason N and Gennari, John H and Phillips, Mark H},
	journal={Medical physics},
	year={2017},
	publisher={Wiley Online Library}
}

@misc{ont2bn_2015,
	author = {A. M. Kalet},
	title = {A software tool for Bayes net development},
	URL = "https://ont2bn.radonc.washington.edu/amkalet-apps/Softwarev2.pdf"
}

@misc{genie,
	title = {Genie Modeler},	
	URL = "https://www.bayesfusion.com/genie-modeler"
}

@misc{hugin,
	title = {Hugin Expert},
	URL = "https://www.hugin.com/"
}

@misc{securityontology,
	author = {Security Ontology},
	URL = "http://stefan.fenz.at/research/security-ontology/"
}

@misc{protege,
	title = {Protégé},
	URL = "https://protege.stanford.edu/"
}

@misc{bntab,
	title = {{BNTab}},
	url = {https://protegewiki.stanford.edu/wiki/Bayesian_Network_Tab_(BNTab)}
}

@article{messaoud2015,
	title={SemCaDo: a serendipitous strategy for causal discovery and ontology evolution},
	author={Messaoud, Montassar Ben and Leray, Philippe and Amor, Nahla Ben},
	journal={Knowledge-Based Systems},
	volume={76},
	pages={79--95},
	year={2015},
	publisher={Elsevier}
}


@misc{treccani_ontologia,
	title = "Definizione di Ontologia",
	url = {http://www.treccani.it/vocabolario/ontologia/}	
}


@Article{messaoud2012,
	title = {Intégration de connaissances ontologiques pour l’apprentissage des réseaux bayésiens},
	author = {M. B. Messaoud et al.},
	year = 2012,
	journal = {Colloque Apprentissage Artificiel \& Fouille de Données, 28 juin 2012, Univ. Paris 13}
}

@Article{stella2018,
	title = {Probabilistic reasoning based on ontologies},
	author = {F. A. Stella},
	year = 2018,
	journal = {Free University of {Bolzano-Bozen}, 20/02/2018}
}

@Article{stella2009,
	title = {Modelli probabilistici per le decisioni},
	author = "F. A. Stella",
	year = 2009,
	journal = "Corso di Laurea Magistrale in Informatica, UniMiB"
}

@book{tomgruber_ontology,
	author = "T. Gruber", 
	title = "Ontology. Entry in the Encyclopedia of Database Systems", 
	publisher = "Springer", 
	year = 2008
}

@misc{msr_trueskill,
	author = "Microsoft Research",
	title = "TrueSkill Ranking System",
	url = "https://www.microsoft.com/en-us/research/project/trueskill-ranking-system/"
}

@article{lauritzen1988local,
	title={Local computations with probabilities on graphical structures and their application to expert systems},
	author={Lauritzen, Steffen L and Spiegelhalter, David J},
	journal={Journal of the Royal Statistical Society. Series B (Methodological)},
	pages={157--224},
	year={1988},
	publisher={JSTOR}
}

@misc{asiasmoking,
	title = "Bayesian {Network} {Modeling} with Examples",
	url = "http://www.bnlearn.com/about/slides/slides-ibm16.pdf",
	author = "M. Scutari",
	year = "2016",
	journal = "University of Oxford"
}

@misc{turbocode,
	title = "Turbo code",
	url = {https://en.wikipedia.org/wiki/Turbo_code}
}

@book{recsyshandbook,
	author = "F. Ricci et al.",
	title = "Recommender Systems Handbook",
	publisher = "Springer",
	year = 2010
}

@book{ontologyhandbook,
	author = "S. Staab and R. Studer",
	title = "Handbook on Ontologies",
	publisher = "Springer",
	year = 2009
}

@misc{serendipity_wiki,
	title = {Definizione di \textit{serendipità}},
	url = {https://it.wikipedia.org/wiki/Serendipità}
}

@article{guizzardi2015,
	title={Towards ontological foundations for conceptual modeling: the unified foundational ontology (UFO) story},
	author={Guizzardi, Giancarlo and Wagner, Gerd and Almeida, Jo{\~a}o Paulo Andrade and Guizzardi, Renata SS},
	journal={Applied ontology},
	volume={10},
	number={3-4},
	pages={259--271},
	year={2015},
	publisher={IOS Press}
}


@misc{uml,
	title = "Unified Modeling Language",
	url = "http://www.uml.org/"
}